<?xml version="1.0" encoding="UTF-8"?><record xmlns="http://www.loc.gov/MARC21/slim" xmlns:cinclude="http://apache.org/cocoon/include/1.0" xmlns:zs="http://www.loc.gov/zing/srw/">
  <leader>00505cz  a2200157n  4500</leader>
  <controlfield tag="001">n  82164917 </controlfield>
  <controlfield tag="003">DLC</controlfield>
  <controlfield tag="005">20090318075531.0</controlfield>
  <controlfield tag="008">830119n| acannaabn          |a ana      </controlfield>
  <datafield tag="010" ind1=" " ind2=" ">
    <subfield code="a">n  82164917 </subfield>
  </datafield>
  <datafield tag="035" ind1=" " ind2=" ">
    <subfield code="a">(OCoLC)oca00860800</subfield>
  </datafield>
  <datafield tag="040" ind1=" " ind2=" ">
    <subfield code="a">DLC</subfield>
    <subfield code="b">eng</subfield>
    <subfield code="c">DLC</subfield>
    <subfield code="d">OCoLC</subfield>
  </datafield>
  <datafield tag="110" ind1="2" ind2=" ">
    <subfield code="a">Museo marinaro "Gio Bono Ferrari"</subfield>
  </datafield>
  <datafield tag="410" ind1="2" ind2=" ">
    <subfield code="a">Museo civico marinaro (Camogli, Italy)</subfield>
  </datafield>
  <datafield tag="670" ind1=" " ind2=" ">
    <subfield code="a">Velieri di Camogli, c1981 (a.e.)</subfield>
    <subfield code="b">t.p. (Museo marinaro "Gio Bono Ferrari")</subfield>
  </datafield>
  <datafield tag="670" ind1=" " ind2=" ">
    <subfield code="a">It82-Mar</subfield>
    <subfield code="b">(Camogli. Museo civico marinaro)</subfield>
  </datafield>
</record>